@article{rotterdam,
  title={The impact of cultural events on city image: Rotterdam, cultural capital of Europe 2001},
  author={Richards, Greg and Wilson, Julie},
  journal={Urban studies},
  volume={41},
  number={10},
  pages={1931--1951},
  year={2004},
  publisher={Sage Publications Sage UK: London, England}
}

@article{rita2019millennials,
  title={Millennialsâ€™ travel motivations and desired activities within destinations: A comparative study of the US and the UK},
  author={Rita, Paulo and Brochado, Ana and Dimova, Lyublena},
  journal={Current Issues in Tourism},
  volume={22},
  number={16},
  pages={2034--2050},
  year={2019},
  publisher={Taylor \& Francis}
}

@article{mobile_recommendation_systems,
  title={Mobile recommender systems in tourism},
  author={Gavalas, Damianos and Konstantopoulos, Charalampos and Mastakas, Konstantinos and Pantziou, Grammati},
  journal={Journal of network and computer applications},
  volume={39},
  pages={319--333},
  year={2014},
  publisher={Elsevier}
}

@article{predicting,
author = {Kemperman, Astrid and Borgers, Aloys and Timmermans, H.J.P. and Oppewal, Harmen},
year = {2003},
month = {05},
pages = {375-384},
title = {Predicting the Duration of Theme Park Visitors' Activities: An Ordered Logit Model Using Conjoint Choice Data},
volume = {41},
journal = {Journal of Travel Research},
doi = {10.1177/0047287503041004006}
}

@article{creemers2015meteorological,
  title={Meteorological variation in daily travel behaviour: evidence from revealed preference data from the Netherlands},
  author={Creemers, Lieve and Wets, Geert and Cools, Mario},
  journal={Theoretical and Applied Climatology},
  volume={120},
  number={1-2},
  pages={183--194},
  year={2015},
  publisher={Springer}
}


@article{smeral_StructuralViewTourism_2003,
  title = {A {{Structural View}} of {{Tourism Growth}}},
  author = {Smeral, Egon},
  date = {2003-03},
  journaltitle = {Tourism Economics},
  shortjournal = {Tourism Economics},
  volume = {9},
  pages = {77--93},
  issn = {1354-8166, 2044-0375},
  doi = {10.5367/000000003101298286},
  url = {http://journals.sagepub.com/doi/10.5367/000000003101298286},
  urldate = {2020-09-19},
  annotation = {ZSCC: 0000118},
  langid = {english},
  number = {1}
}



@article{doi:10.18111/wtobarometereng.2020.18.1.1,
  title = {{{UNWTO}} World Tourism Barometer and Statistical Annex, January 2020},
  editor = {World Tourism Organization (UNWTO)},
  date = {2020},
  journaltitle = {UNWTO World Tourism Barometer (English version)},
  volume = {18},
  pages = {1--48},
  doi = {10.18111/wtobarometereng.2020.18.1.1},
  url = {https://www.e-unwto.org/doi/abs/10.18111/wtobarometereng.2020.18.1.1},
  annotation = {ZSCC: NoCitationData[s0]},
  eprint = {https://www.e-unwto.org/doi/pdf/10.18111/wtobarometereng.2020.18.1.1},
  number = {1}
}


@book{OECD2020,
  title = {{{OECD Tourism Trends}} and {{Policies}} 2020},
  author = {{OECD}},
  date = {2020-03-04},
  pages = {400},
  publisher = {{OECD}},
  doi = {https://doi.org/10.1787/6b47b985-en},
  url = {https://www.oecd-ilibrary.org/content/publication/6b47b985-en},
  urldate = {2020-09-20},
  annotation = {ZSCC: 0000002},
  isbn = {978-92-64-70314-8 978-92-64-80633-7 978-92-64-62688-1 978-92-64-84313-4},
  langid = {english},
  pagetotal = {400},
  series = {{{OECD Tourism Trends}} and {{Policies}}}
}


@report{europeantravelcommission_StudyGenerationTravellers_2020,
  title = {Study on {{Generation Z Travellers}}},
  author = {{European Travel Commission}},
  date = {2020-07},
  pages = {1--115},
  institution = {{European Travel Commission}},
  location = {{Brussels}},
  url = {https://etc-corporate.org/reports/study-on-generation-z-travellers/},
  urldate = {2020-09-19},
  langid = {english},
  type = {Study}
}


@article{hitters_SocialPoliticalConstruction_2000,
  title = {The Social and Political Construction of a {{European}} Cultural Capital: {{Rotterdam}} 2001},
  shorttitle = {The Social and Political Construction of a {{European}} Cultural Capital},
  author = {Hitters, Erik},
  date = {2000-01},
  journaltitle = {International Journal of Cultural Policy},
  shortjournal = {International Journal of Cultural Policy},
  volume = {6},
  pages = {183--199},
  issn = {1028-6632, 1477-2833},
  doi = {10.1080/10286630009358120},
  url = {http://www.tandfonline.com/doi/abs/10.1080/10286630009358120},
  urldate = {2020-09-20},
  annotation = {ZSCC: 0000043},
  langid = {english},
  number = {2}
}


@article{maeda_ExtractionTouristDestinations_2018,
  title = {Extraction of {{Tourist Destinations}} and {{Comparative Analysis}} of {{Preferences Between Foreign Tourists}} and {{Domestic Tourists}} on the {{Basis}} of {{Geotagged Social Media Data}}},
  author = {Maeda, Takashi Nicholas and Yoshida, Mitsuo and Toriumi, Fujio and Ohashi, Hirotada},
  date = {2018-03},
  journaltitle = {ISPRS International Journal of Geo-Information},
  volume = {7},
  pages = {99},
  publisher = {{Multidisciplinary Digital Publishing Institute}},
  doi = {10.3390/ijgi7030099},
  url = {https://www.mdpi.com/2220-9964/7/3/99},
  urldate = {2020-09-20},
  annotation = {ZSCC: 0000009},
  issue = {3},
  keywords = {geotagged data,human mobility,tourism},
  langid = {english},
  number = {3}
}

@article{stone_TouristGazeDomestic_2019,
  title = {The {{Tourist Gaze}}: {{Domestic}} versus {{International Tourists}}},
  shorttitle = {The {{Tourist Gaze}}},
  author = {Stone, Lesego S. and Nyaupane, Gyan P.},
  date = {2019-05-01},
  journaltitle = {Journal of Travel Research},
  shortjournal = {Journal of Travel Research},
  volume = {58},
  pages = {877--891},
  publisher = {{SAGE Publications Inc}},
  issn = {0047-2875},
  doi = {10.1177/0047287518781890},
  url = {https://doi.org/10.1177/0047287518781890},
  urldate = {2020-09-20},
  annotation = {ZSCC: 0000015},
  langid = {english},
  number = {5}
}


@article{dunnross_SightseeingTouristsMotivation_1991,
  ids = {\_SightseeingTouristsMotivation\_1991},
  title = {Sightseeing Tourists' Motivation and Satisfaction},
  author = {Dunn Ross, Elizabeth L. and Iso-Ahola, Seppo E.},
  date = {1991-01-01},
  journaltitle = {Annals of Tourism Research},
  shortjournal = {Annals of Tourism Research},
  volume = {18},
  pages = {226--237},
  publisher = {{Pergamon}},
  issn = {0160-7383},
  doi = {10.1016/0160-7383(91)90006-W},
  url = {http://www.sciencedirect.com/science/article/pii/016073839190006W},
  urldate = {2020-09-30},
  annotation = {ZSCC: 0000780},
  langid = {english},
  number = {2}
}



@article{schimpl_AssociationWalkingSpeed_2011,
  title = {Association between {{Walking Speed}} and {{Age}} in {{Healthy}}, {{Free}}-{{Living Individuals Using Mobile Accelerometry}}\textemdash{{A Cross}}-{{Sectional Study}}},
  author = {Schimpl, Michaela and Moore, Carmel and Lederer, Christian and Neuhaus, Anneke and Sambrook, Jennifer and Danesh, John and Ouwehand, Willem and Daumer, Martin},
  date = {2011-08-10},
  journaltitle = {PLOS ONE},
  shortjournal = {PLOS ONE},
  volume = {6},
  pages = {e23299},
  publisher = {{Public Library of Science}},
  issn = {1932-6203},
  doi = {10.1371/journal.pone.0023299},
  url = {https://journals.plos.org/plosone/article?id=10.1371/journal.pone.0023299},
  urldate = {2020-09-30},
  annotation = {ZSCC: NoCitationData[s0]},
  keywords = {Accelerometers,average walking speed,Blood,Blood donation,Blood pressure,Body weight,Gait analysis,Physical activity,Walking},
  langid = {english},
  number = {8}
}



@article{becken_ImportanceClimateWeather_2010,
  ids = {becken\_ImportanceClimateWeather\_},
  title = {The Importance of Climate and Weather for Tourism},
  author = {Becken, Susanne},
  date = {2010},
  journaltitle = {Land Environment and People (LEaP) background paper, Lincoln University},
  shortjournal = {Land Environment and People (LEaP) background paper, Lincoln University},
  pages = {4--13},
  publisher = {{Citeseer}},
  annotation = {ZSCC: 0000077},
  langid = {english}
}

@article{defreitas_TourismClimatologyEvaluating_2003,
  title = {Tourism Climatology: Evaluating Environmental Information for Decision Making and Business Planning in the Recreation and Tourism Sector},
  shorttitle = {Tourism Climatology},
  author = {family=Freitas, given=C. R., prefix=de, useprefix=true},
  date = {2003-09-01},
  journaltitle = {International Journal of Biometeorology},
  shortjournal = {Int J Biometeorol},
  volume = {48},
  pages = {45--54},
  issn = {1432-1254},
  doi = {10.1007/s00484-003-0177-z},
  url = {https://doi.org/10.1007/s00484-003-0177-z},
  urldate = {2020-09-30},
  annotation = {ZSCC: 0000519},
  keywords = {done},
  langid = {english},
  number = {1}
}



@article{ton_CyclingWalkingDeterminants_2019,
  title = {Cycling or Walking? {{Determinants}} of Mode Choice in the {{Netherlands}}},
  shorttitle = {Cycling or Walking?},
  author = {Ton, Danique and Duives, Dorine C. and Cats, Oded and Hoogendoorn-Lanser, Sascha and Hoogendoorn, Serge P.},
  date = {2019-05-01},
  journaltitle = {Transportation Research Part A: Policy and Practice},
  shortjournal = {Transportation Research Part A: Policy and Practice},
  volume = {123},
  pages = {7--23},
  issn = {0965-8564},
  doi = {10.1016/j.tra.2018.08.023},
  url = {http://www.sciencedirect.com/science/article/pii/S0965856417315525},
  urldate = {2020-09-30},
  annotation = {ZSCC: 0000025},
  keywords = {Active mode mobility,average walking distance,Built environment,Cycling,done,Mixed multinomial logit,Mode choice,Walking},
  langid = {english},
  series = {Walking and {{Cycling}} for Better {{Transport}}, {{Health}} and the {{Environment}}}
}







